<?xml version="1.0" encoding="UTF-8"?><collection xmlns="http://www.loc.gov/MARC21/slim"><record><leader>00428nam--2200133-i-4500</leader><controlfield tag="001">000047703</controlfield><controlfield tag="002">20161230</controlfield><controlfield tag="005">20161230201046</controlfield><controlfield tag="008">060222s1000------------r-----000-0-eng-d</controlfield><datafield ind1=" " ind2=" " tag="100"><subfield code="a">Wittenberg,Alexander Israel</subfield></datafield><datafield ind1=" " ind2=" " tag="245"><subfield code="a">Von denken in begriffen. math.als experiment des reinen denkens. mit einem geleitwort vo paul bernays</subfield></datafield><datafield ind1=" " ind2=" " tag="260"><subfield code="a">Basel, Birkhauser Verlag, 1957. 360 P</subfield></datafield><datafield ind1=" " ind2=" " tag="490"><subfield code="a">Wissenschafte Und Kultur</subfield></datafield><datafield ind1=" " ind2=" " tag="852"><subfield code="a">21289</subfield></datafield></record></collection>